@article{ishwaran2008randomforest,
	title={Random survival forests},
	author={Ishwaran, Hemant and Kogalur, Udaya B and Blackstone, Eugene H and Lauer, Michael S},
	journal={The annals of applied statistics},
	pages={841--860},
	year={2008},
	publisher={JSTOR}
}

@article {voia2017hazard,
	author = {Huynh, Kim and Voia, Marcel},
	title = {Mixed proportional hazard models with continuous finite mixture unobserved heterogeneity: an application to Canadian firm survival},
	journal = {Applied Stochastic Models in Business and Industry},
	publisher = {John Wiley & Sons, Ltd},
	year = {2017}
}

@article{chen2013gradient,
	title={A gradient boosting algorithm for survival analysis via direct optimization of concordance index},
	author={Chen, Yifei and Jia, Zhenyu and Mercola, Dan and Xie, Xiaohui},
	journal={Computational and mathematical methods in medicine},
	volume={2013},
	year={2013},
	publisher={Hindawi Publishing Corporation}
}

@article{giot2007ipos,
	title={IPOs, trade sales and liquidations: Modelling venture capital exits using survival analysis},
	author={Giot, Pierre and Schwienbacher, Armin},
	journal={Journal of Banking \& Finance},
	volume={31},
	number={3},
	pages={679--702},
	year={2007},
	publisher={Elsevier}
}

@inproceedings{xiang2012supervised,
	title={A Supervised Approach to Predict Company Acquisition with Factual and Topic Features Using Profiles and News Articles on TechCrunch},
	author={Xiang, Guang and Zheng, Zeyu and Wen, Miaomiao and Hong, Jason I and Ros{\'e}, Carolyn Penstein and Liu, Chao},
	booktitle={ICWSM},
	year={2012}
}

@inproceedings{yan2016modeling,
	title={Modeling Contagious Merger and Acquisition via Point Processes with a Profile Regression Prior},
	author={Yan, Junchi and Xiao, Shuai and Li, Changsheng and Jin, Bo and Wang, Xiangfeng and Ke, Bin and Yang, Xiaokang and Zha, Hongyuan},
	booktitle={Twenty-Fifth International Joint Conference on Artificial Intelligence},
	year={2016}
}